@article{Tibs05,
    author  = "R. Tibshirani and Saunders, M. and Rosset, S. and Zhu, J. and Knight, K.",
    title   = "Sparsity and smoothness via the fused lasso",
    year    = "2005",
    journal = "Journal of the Royal Statistical Society: Series B",
    volume  = "67",
    number  = "1",
    pages   = "91--108"
}

@article{Tibs16,
    author  = "T. B. Arnold and R. J. Tibshirani",
    title   = "Efficient Implementations of the Generalized Lasso Dual Path Algorithm",
    year    = "2016",
    journal = "Journal of Computational and Graphical Statistics",
    volume  = "25",
    number  = "1",
    pages   = "1--27"
}

@article{Tibs11,
    author  = "Tibshirani, R. J. and Taylor, J.",
    title   = "The solution path of the generalized lasso",
    year    = "2011",
    journal = "Annals of Statistics",
    volume  = "39",
    number  = "3",
    pages   = "1335--1371"
}